@Misc{NIST_ASD,
author = {A.~Kramida and {Yu.~Ralchenko} and
J.~Reader and {and NIST ASD Team}},
HOWPUBLISHED = {{NIST Atomic Spectra Database
(ver. 5.6.1), [Online]. Available:
{\tt{https://physics.nist.gov/asd}} [2018, December 22].
National Institute of Standards and Technology,
Gaithersburg, MD.}},
year = {2018},
}
