@ARTICLE{Kasen_Metzger_Barnes_2017,
       author = {{Kasen}, Daniel and {Metzger}, Brian and {Barnes}, Jennifer and {Quataert}, Eliot and {Ramirez-Ruiz}, Enrico},
        title = "{Origin of the heavy elements in binary neutron-star mergers from a gravitational-wave event}",
      journal = {Nature},
     keywords = {Astrophysics - High Energy Astrophysical Phenomena},
         year = 2017,
        month = nov,
       volume = {551},
       number = {7678},
        pages = {80-84},
          doi = {10.1038/nature24453},
archivePrefix = {arXiv},
       eprint = {1710.05463},
 primaryClass = {astro-ph.HE},
       adsurl = {https://ui.adsabs.harvard.edu/abs/2017Natur.551...80K},
      adsnote = {Provided by the SAO/NASA Astrophysics Data System}
}

@article{B2FH_1957,
  title = {Synthesis of the Elements in Stars},
  author = {Burbidge, E. Margaret and Burbidge, G. R. and Fowler, William A. and Hoyle, F.},
  journal = {Rev. Mod. Phys.},
  volume = {29},
  issue = {4},
  pages = {547--650},
  numpages = {0},
  year = {1957},
  month = {Oct},
  publisher = {American Physical Society},
  doi = {10.1103/RevModPhys.29.547},
  url = {https://link.aps.org/doi/10.1103/RevModPhys.29.547}
}

@ARTICLE{Cameron_1955,
       author = {{Cameron}, A.~G.~W.},
        title = "{Origin of Anomalous Abundances of the Elements in Giant Stars.}",
      journal = {apj},
         year = 1955,
        month = jan,
       volume = {121},
        pages = {144},
          doi = {10.1086/145970},
       adsurl = {https://ui.adsabs.harvard.edu/abs/1955ApJ...121..144C},
      adsnote = {Provided by the SAO/NASA Astrophysics Data System}
}

@ARTICLE{Frebel_2005,
       author = {{Frebel}, Anna and {Aoki}, Wako and {Christlieb}, Norbert and {Ando}, Hiroyasu and {Asplund}, Martin and {Barklem}, Paul S. and {Beers}, Timothy C. and {Eriksson}, Kjell and {Fechner}, Cora and {Fujimoto}, Masayuki Y. and {Honda}, Satoshi and {Kajino}, Toshitaka and {Minezaki}, Takeo and {Nomoto}, Ken'ichi and {Norris}, John E. and {Ryan}, Sean G. and {Takada-Hidai}, Masahide and {Tsangarides}, Stelios and {Yoshii}, Yuzuru},
        title = "{Nucleosynthetic signatures of the first stars}",
      journal = {nat},
     keywords = {Astrophysics},
         year = 2005,
        month = apr,
       volume = {434},
       number = {7035},
        pages = {871-873},
          doi = {10.1038/nature03455},
archivePrefix = {arXiv},
       eprint = {astro-ph/0503021},
 primaryClass = {astro-ph},
       adsurl = {https://ui.adsabs.harvard.edu/abs/2005Natur.434..871F},
      adsnote = {Provided by the SAO/NASA Astrophysics Data System}
}

@misc{Johnson_2017, title={The Origin of the Elements}, url={http://www.astronomy.ohio-state.edu/~jaj/nucleo/}, journal={Origin of the elements}, author={Johnson, Jennifer}, year={2017}} 

@article{RevModPhys.93.015002,
  title = {Origin of the heaviest elements: The rapid neutron-capture process},
  author = {Cowan, John J. and Sneden, Christopher and Lawler, James E. and Aprahamian, Ani and Wiescher, Michael and Langanke, Karlheinz and Mart\'{\i}nez-Pinedo, Gabriel and Thielemann, Friedrich-Karl},
  journal = {Rev. Mod. Phys.},
  volume = {93},
  issue = {1},
  pages = {015002},
  numpages = {85},
  year = {2021},
  month = {Feb},
  publisher = {American Physical Society},
  doi = {10.1103/RevModPhys.93.015002},
  url = {https://link.aps.org/doi/10.1103/RevModPhys.93.015002}
}

@article{Cowan_2021,
  title = {Origin of the heaviest elements: The rapid neutron-capture process},
  author = {Cowan, John J. and Sneden, Christopher and Lawler, James E. and Aprahamian, Ani and Wiescher, Michael and Langanke, Karlheinz and Mart\'{\i}nez-Pinedo, Gabriel and Thielemann, Friedrich-Karl},
  journal = {Rev. Mod. Phys.},
  volume = {93},
  issue = {1},
  pages = {015002},
  numpages = {85},
  year = {2021},
  month = {Feb},
  publisher = {American Physical Society},
  doi = {10.1103/RevModPhys.93.015002},
  url = {https://link.aps.org/doi/10.1103/RevModPhys.93.015002}
}

@misc{NNDC_2008, Author = "National Nuclear Data Center, Brookhaven National Laboratory", Title = {NuDat (Nuclear Structure and Decay Data)}, Volume = {2021}, Number = {10 May 2021}, Month = {March 18, 2008}, Year = {2008} }

@ARTICLE{Radice_2020,
       author = {{Radice}, David and {Bernuzzi}, Sebastiano and {Perego}, Albino},
        title = "{The Dynamics of Binary Neutron Star Mergers and GW170817}",
      journal = {Annual Review of Nuclear and Particle Science},
     keywords = {Astrophysics - High Energy Astrophysical Phenomena, General Relativity and Quantum Cosmology},
         year = 2020,
        month = oct,
       volume = {70},
        pages = {95-119},
          doi = {10.1146/annurev-nucl-013120-114541},
archivePrefix = {arXiv},
       eprint = {2002.03863},
 primaryClass = {astro-ph.HE},
       adsurl = {https://ui.adsabs.harvard.edu/abs/2020ARNPS..70...95R},
      adsnote = {Provided by the SAO/NASA Astrophysics Data System}
}

@ARTICLE{Nicholl_2017,
       author = {{Nicholl}, M. and {Berger}, E. and {Kasen}, D. and {Metzger}, B.~D. and {Elias}, J. and {Brice{\~n}o}, C. and {Alexander}, K.~D. and {Blanchard}, P.~K. and {Chornock}, R. and {Cowperthwaite}, P.~S. and {Eftekhari}, T. and {Fong}, W. and {Margutti}, R. and {Villar}, V.~A. and {Williams}, P.~K.~G. and {Brown}, W. and {Annis}, J. and {Bahramian}, A. and {Brout}, D. and {Brown}, D.~A. and {Chen}, H. -Y. and {Clemens}, J.~C. and {Dennihy}, E. and {Dunlap}, B. and {Holz}, D.~E. and {Marchesini}, E. and {Massaro}, F. and {Moskowitz}, N. and {Pelisoli}, I. and {Rest}, A. and {Ricci}, F. and {Sako}, M. and {Soares-Santos}, M. and {Strader}, J.},
        title = "{The Electromagnetic Counterpart of the Binary Neutron Star Merger LIGO/Virgo GW170817. III. Optical and UV Spectra of a Blue Kilonova from Fast Polar Ejecta}",
      journal = {apjl},
     keywords = {binaries: close, gravitational waves, nuclear reactions, nucleosynthesis, abundances, stars: neutron, Astrophysics - High Energy Astrophysical Phenomena, Astrophysics - Cosmology and Nongalactic Astrophysics, Astrophysics - Solar and Stellar Astrophysics},
         year = 2017,
        month = oct,
       volume = {848},
       number = {2},
          eid = {L18},
        pages = {L18},
          doi = {10.3847/2041-8213/aa9029},
archivePrefix = {arXiv},
       eprint = {1710.05456},
 primaryClass = {astro-ph.HE},
       adsurl = {https://ui.adsabs.harvard.edu/abs/2017ApJ...848L..18N},
      adsnote = {Provided by the SAO/NASA Astrophysics Data System}
}

@ARTICLE{Barnes_Kasen_2013,
       author = {{Barnes}, Jennifer and {Kasen}, Daniel},
        title = "{Effect of a High Opacity on the Light Curves of Radioactively Powered Transients from Compact Object Mergers}",
      journal = {apj},
     keywords = {atomic data, nuclear reactions, nucleosynthesis, abundances, opacity, radiative transfer, stars: neutron, supernovae: general, Astrophysics - High Energy Astrophysical Phenomena},
         year = 2013,
        month = sep,
       volume = {775},
       number = {1},
          eid = {18},
        pages = {18},
          doi = {10.1088/0004-637X/775/1/18},
archivePrefix = {arXiv},
       eprint = {1303.5787},
 primaryClass = {astro-ph.HE},
       adsurl = {https://ui.adsabs.harvard.edu/abs/2013ApJ...775...18B},
      adsnote = {Provided by the SAO/NASA Astrophysics Data System}
}

@article{Metzger_2014,
    author = {Metzger, Brian D. and Fern√°ndez, Rodrigo},
    title = "{Red or blue? A potential kilonova imprint of the delay until black hole formation following a neutron star merger}",
    journal = {Monthly Notices of the Royal Astronomical Society},
    volume = {441},
    number = {4},
    pages = {3444-3453},
    year = {2014},
    month = {05},
    issn = {0035-8711},
    doi = {10.1093/mnras/stu802},
    url = {https://doi.org/10.1093/mnras/stu802},
    eprint = {https://academic.oup.com/mnras/article-pdf/441/4/3444/4055164/stu802.pdf},
}

@ARTICLE{Metzger_2019,
       author = {{Metzger}, Brian D.},
        title = "{Kilonovae}",
      journal = {Living Reviews in Relativity},
     keywords = {Gravitational waves, Neutron stars, Nucleosynthesis, Black holes, Radiative transfer, Astrophysics - High Energy Astrophysical Phenomena},
         year = 2019,
        month = dec,
       volume = {23},
       number = {1},
          eid = {1},
        pages = {1},
          doi = {10.1007/s41114-019-0024-0},
archivePrefix = {arXiv},
       eprint = {1910.01617},
 primaryClass = {astro-ph.HE},
       adsurl = {https://ui.adsabs.harvard.edu/abs/2019LRR....23....1M},
      adsnote = {Provided by the SAO/NASA Astrophysics Data System}
}

@ARTICLE{Arcavi_2017,
       author = {{Arcavi}, Iair and {Hosseinzadeh}, Griffin and {Howell}, D. Andrew and {McCully}, Curtis and {Poznanski}, Dovi and {Kasen}, Daniel and {Barnes}, Jennifer and {Zaltzman}, Michael and {Vasylyev}, Sergiy and {Maoz}, Dan and {Valenti}, Stefano},
        title = "{Optical emission from a kilonova following a gravitational-wave-detected neutron-star merger}",
      journal = {nat},
     keywords = {Astrophysics - High Energy Astrophysical Phenomena},
         year = 2017,
        month = nov,
       volume = {551},
       number = {7678},
        pages = {64-66},
          doi = {10.1038/nature24291},
archivePrefix = {arXiv},
       eprint = {1710.05843},
 primaryClass = {astro-ph.HE},
       adsurl = {https://ui.adsabs.harvard.edu/abs/2017Natur.551...64A},
      adsnote = {Provided by the SAO/NASA Astrophysics Data System}
}

@ARTICLE{Smartt_2017,
       author = {{Smartt}, S.~J. and {Chen}, T. -W. and {Jerkstrand}, A. and {Coughlin}, M. and {Kankare}, E. and {Sim}, S.~A. and {Fraser}, M. and {Inserra}, C. and {Maguire}, K. and {Chambers}, K.~C. and {Huber}, M.~E. and {Kr{\"u}hler}, T. and {Leloudas}, G. and {Magee}, M. and {Shingles}, L.~J. and {Smith}, K.~W. and {Young}, D.~R. and {Tonry}, J. and {Kotak}, R. and {Gal-Yam}, A. and {Lyman},et al.},
        title = "{A kilonova as the electromagnetic counterpart to a gravitational-wave source}",
      journal = {nat},
     keywords = {Astrophysics - High Energy Astrophysical Phenomena},
         year = 2017,
        month = nov,
       volume = {551},
       number = {7678},
        pages = {75-79},
          doi = {10.1038/nature24303},
archivePrefix = {arXiv},
       eprint = {1710.05841},
 primaryClass = {astro-ph.HE},
       adsurl = {https://ui.adsabs.harvard.edu/abs/2017Natur.551...75S},
      adsnote = {Provided by the SAO/NASA Astrophysics Data System}
}

@ARTICLE{Pian_2017,
       author = {{Pian}, E. and {D'Avanzo}, P. and {Benetti}, S. and {Branchesi}, M. and {Brocato}, E. and {Campana}, S. and {Cappellaro}, E. and {Covino}, S. and {D'Elia}, V. and {Fynbo}, J.~P.~U. and {Getman}, F. and {Ghirlanda}, G. and {Ghisellini}, G. and {Grado}, A. and {Greco}, G. and {Hjorth}, et al.},
        title = "{Spectroscopic identification of r-process nucleosynthesis in a double neutron-star merger}",
      journal = {nat},
     keywords = {Astrophysics - High Energy Astrophysical Phenomena},
         year = 2017,
        month = nov,
       volume = {551},
       number = {7678},
        pages = {67-70},
          doi = {10.1038/nature24298},
archivePrefix = {arXiv},
       eprint = {1710.05858},
 primaryClass = {astro-ph.HE},
       adsurl = {https://ui.adsabs.harvard.edu/abs/2017Natur.551...67P},
      adsnote = {Provided by the SAO/NASA Astrophysics Data System}
}

@article{Abbott_2017,
  title = {GW170817: Observation of Gravitational Waves from a Binary Neutron Star Inspiral},
  author = {Abbott, B. P. and Abbott, R. and Abbott, T. D. and Acernese, F. and Ackley, K. and Adams, C., et al.},
  collaboration = {LIGO Scientific Collaboration and Virgo Collaboration},
  journal = {Phys. Rev. Lett.},
  volume = {119},
  issue = {16},
  pages = {161101},
  numpages = {18},
  year = {2017},
  month = {Oct},
  publisher = {American Physical Society},
  doi = {10.1103/PhysRevLett.119.161101},
  url = {https://link.aps.org/doi/10.1103/PhysRevLett.119.161101}
}

@ARTICLE{Doctor_2019,
       author = {{Doctor}, Z. and {Kessler}, R. and {Herner}, K. and {Palmese}, A. and {Soares-Santos}, M. and {Annis}, J. and {Brout}, D. and {Holz}, D.~E. and {Sako}, M. and {Rest}, A. and {Cowperthwaite}, P. and {Berger}, E. and {Foley}, R.~J. and {Conselice}, C.~J. and {Gill}, M.~S.~S. and {Allam}, S. and {Balbinot}, and {DES Collaboration}},
        title = "{A Search for Optical Emission from Binary Black Hole Merger GW170814 with the Dark Energy Camera}",
      journal = {apjl},
     keywords = {gravitational waves, stars: black holes, surveys, techniques: photometric, Astrophysics - High Energy Astrophysical Phenomena},
         year = 2019,
        month = mar,
       volume = {873},
       number = {2},
          eid = {L24},
        pages = {L24},
          doi = {10.3847/2041-8213/ab08a3},
archivePrefix = {arXiv},
       eprint = {1812.01579},
 primaryClass = {astro-ph.HE},
       adsurl = {https://ui.adsabs.harvard.edu/abs/2019ApJ...873L..24D},
      adsnote = {Provided by the SAO/NASA Astrophysics Data System}
}

@article{Kramida_2020, place={Gaithersburg}, url={https://www.nist.gov/pml/atomic-spectra-database }, author={Kramida, A. and Ralchenko, Yu and Reader, J. and NIST ASD TEAM}, year={2020}, month={Oct}}

@article{Roberts_2017,
	doi = {10.3847/1538-4365/aa94cb},
	url = {https://doi.org/10.3847/1538-4365/aa94cb},
	year = 2017,
	month = {dec},
	publisher = {American Astronomical Society},
	volume = {233},
	number = {2},
	pages = {18},
	author = {Jonas Lippuner and Luke F. Roberts},
	title = {{SkyNet}: A Modular Nuclear Reaction Network Library},
	journal = {The Astrophysical Journal Supplement Series}
}

@book{Fridman_2012, place={Cambridge}, title={Plasma chemistry}, publisher={Cambridge University Press}, author={Fridman, Alexander A.}, year={2012}}

@article{Rodrigues_2004,
title = {Systematic calculation of total atomic energies of ground state configurations},
journal = {Atomic Data and Nuclear Data Tables},
volume = {86},
number = {2},
pages = {117-233},
year = {2004},
issn = {0092-640X},
doi = {https://doi.org/10.1016/j.adt.2003.11.005},
url = {https://www.sciencedirect.com/science/article/pii/S0092640X03000846},
author = {G.C. Rodrigues and P. Indelicato and J.P. Santos and P. Patt√© and F. Parente}
}

@ARTICLE{Radice_2018,
       author = {{Radice}, David and {Perego}, Albino and {Hotokezaka}, Kenta and {Fromm}, Steven A. and {Bernuzzi}, Sebastiano and {Roberts}, Luke F.},
        title = "{Binary Neutron Star Mergers: Mass Ejection, Electromagnetic Counterparts, and Nucleosynthesis}",
      journal = {apj},
     keywords = {nuclear reactions, nucleosynthesis, abundances, stars: neutron, Astrophysics - High Energy Astrophysical Phenomena},
         year = 2018,
        month = dec,
       volume = {869},
       number = {2},
          eid = {130},
        pages = {130},
          doi = {10.3847/1538-4357/aaf054},
archivePrefix = {arXiv},
       eprint = {1809.11161},
 primaryClass = {astro-ph.HE},
       adsurl = {https://ui.adsabs.harvard.edu/abs/2018ApJ...869..130R},
      adsnote = {Provided by the SAO/NASA Astrophysics Data System}
}

@ARTICLE{Fontes_2020,
       author = {{Even}, Wesley and {Korobkin}, Oleg and {Fryer}, Christopher L. and {Fontes}, Christopher J. and {Wollaeger}, R.~T. and {Hungerford}, Aimee and {Lippuner}, Jonas and {Miller}, Jonah and {Mumpower}, Matthew R. and {Misch}, G. Wendell},
        title = "{Composition Effects on Kilonova Spectra and Light Curves. I}",
      journal = {apj},
     keywords = {Compact binary stars, Interacting binary stars, Stellar mergers, Neutron stars, Stellar atmospheric opacity, R-process, 283, 801, 2157, 1108, 1585, 1324, Astrophysics - High Energy Astrophysical Phenomena},
         year = 2020,
        month = aug,
       volume = {899},
       number = {1},
          eid = {24},
        pages = {24},
          doi = {10.3847/1538-4357/ab70b9},
archivePrefix = {arXiv},
       eprint = {1904.13298},
 primaryClass = {astro-ph.HE},
       adsurl = {https://ui.adsabs.harvard.edu/abs/2020ApJ...899...24E},
      adsnote = {Provided by the SAO/NASA Astrophysics Data System}
}

@ARTICLE{Tanaka_2018,
       author = {{Tanaka}, Masaomi and {Kato}, Daiji and {Gaigalas}, Gediminas and {Rynkun}, Pavel and {Rad{\v{z}}i{\={u}}t{\.{e}}}, Laima and {Wanajo}, Shinya and {Sekiguchi}, Yuichiro and {Nakamura}, Nobuyuki and {Tanuma}, Hajime and {Murakami}, Izumi and {Sakaue}, Hiroyuki A.},
        title = "{Properties of Kilonovae from Dynamical and Post-merger Ejecta of Neutron Star Mergers}",
      journal = {apj},
     keywords = {gravitational waves, nuclear reactions, nucleosynthesis, abundances, opacity, radiative transfer, stars: neutron, Astrophysics - High Energy Astrophysical Phenomena},
         year = 2018,
        month = jan,
       volume = {852},
       number = {2},
          eid = {109},
        pages = {109},
          doi = {10.3847/1538-4357/aaa0cb},
archivePrefix = {arXiv},
       eprint = {1708.09101},
 primaryClass = {astro-ph.HE},
       adsurl = {https://ui.adsabs.harvard.edu/abs/2018ApJ...852..109T},
      adsnote = {Provided by the SAO/NASA Astrophysics Data System}
}

@ARTICLE{Fontes_2017,
       author = {{Fontes}, Christopher J. and {Fryer}, Chris L. and {Hungerford}, Aimee L. and {Wollaeger}, Ryan T. and {Rosswog}, Stephan and {Berger}, Edo},
        title = "{A line-smeared treatment of opacities for the spectra and light curves from macronovae}",
      journal = {arXiv e-prints},
     keywords = {Astrophysics - High Energy Astrophysical Phenomena},
         year = 2017,
        month = feb,
          eid = {arXiv:1702.02990},
        pages = {arXiv:1702.02990},
archivePrefix = {arXiv},
       eprint = {1702.02990},
 primaryClass = {astro-ph.HE},
       adsurl = {https://ui.adsabs.harvard.edu/abs/2017arXiv170202990F},
      adsnote = {Provided by the SAO/NASA Astrophysics Data System}
}








