@misc{fontes2017linesmeared,
    title={A line-smeared treatment of opacities for the spectra and light curves from macronovae},
    author={Christopher J. Fontes and Chris L. Fryer and Aimee L. Hungerford and Ryan T. Wollaeger and Stephan Rosswog and Edo Berger},
    year={2017},
    eprint={1702.02990},
    archivePrefix={arXiv},
    primaryClass={astro-ph.HE}
}




